@online{1,
	author = "Karen Grace-Martin",
    	title = "when listwise deletion works for missing data",
    	url  = "https://www.theanalysisfactor.com/when-listwise-deletion-works/"
}

@online{2,
	author = "Karen Grace-Martin",
    	title = "missing data: two big problems with mean imputation",
    	url  = "https://www.theanalysisfactor.com/mean-imputation/"
}

@online{3,
	author = "Wikipedia",
    	title = "Listwise deletion",
    	url  = "https://en.wikipedia.org/wiki/Listwise_deletion"
}

@online{4,
	author = "Wikipedia",
    	title = "Imputation",
    	url  = "https://en.wikipedia.org/wiki/Imputation_(statistics)"
}